@article{citation-key,
    author = testauthor,
    title = testtitle,
    journal = testjournal,
    year = 2025
}